<?xml version="1.0" encoding="UTF-8"?>
<marc:record xmlns:marc="http://www.loc.gov/MARC21/slim" xmlns:xsi="http://www.w3.org/2001/XMLSchema-instance" xsi:schemaLocation="http://www.loc.gov/MARC21/slim http://www.loc.gov/standards/marcxml/schema/MARC21slim.xsd">
<marc:leader>00422nam a22001577a 4500</marc:leader>
<marc:controlfield tag="001">896953</marc:controlfield>
<marc:controlfield tag="003">NL-AMISG</marc:controlfield>
<marc:controlfield tag="005">19961107144034.0</marc:controlfield>
<marc:controlfield tag="008">199611suuuuuuuuxxu|||||||||||||||||eng d</marc:controlfield>
<marc:datafield ind1=" " ind2=" " tag="035">
<marc:subfield code="a">(IISG)IISGb10757889</marc:subfield>
</marc:datafield>
<marc:datafield ind1=" " ind2=" " tag="040">
<marc:subfield code="a">NL-AmISG</marc:subfield>
</marc:datafield>
<marc:datafield ind1="1" ind2=" " tag="100">
<marc:subfield code="a">Rutherford, John G.</marc:subfield>
<marc:subfield code="0">(NL-AMISG)286219</marc:subfield>
</marc:datafield>
<marc:datafield ind1="1" ind2="0" tag="245">
<marc:subfield code="b">methods and systems /</marc:subfield>
<marc:subfield code="c">John G. Rutherford.</marc:subfield>
</marc:datafield>
<marc:datafield ind1=" " ind2=" " tag="260">
<marc:subfield code="a">New York, N.Y., [etc.] :</marc:subfield>
<marc:subfield code="b">Pitman,</marc:subfield>
<marc:subfield code="c">1948.</marc:subfield>
</marc:datafield>
<marc:datafield ind1=" " ind2=" " tag="300">
<marc:subfield code="a">201 p.</marc:subfield>
</marc:datafield>
<marc:datafield ind1=" " ind2=" " tag="694">
<marc:subfield code="a">EVD</marc:subfield>
<marc:subfield code="b">1996/10772</marc:subfield>
</marc:datafield>
<marc:datafield ind1="2" ind2=" " tag="710">
<marc:subfield code="a">Economische Voorlichtingsdienst (Den Haag),</marc:subfield>
<marc:subfield code="e">collector.</marc:subfield>
<marc:subfield code="0">(NL-AMISG)573812</marc:subfield>
</marc:datafield>
<marc:datafield ind1="4" ind2=" " tag="852">
<marc:subfield code="a">IISG</marc:subfield>
<marc:subfield code="b">IISG</marc:subfield>
<marc:subfield code="c">NEHA</marc:subfield>
<marc:subfield code="j">1996/10772</marc:subfield>
<marc:subfield code="n">Available</marc:subfield>
<marc:subfield code="p">N10552090</marc:subfield>
</marc:datafield>
<marc:datafield ind1=" " ind2=" " tag="901">
<marc:subfield code="a">896953</marc:subfield>
<marc:subfield code="b">Unknown</marc:subfield>
<marc:subfield code="c">896953</marc:subfield>
<marc:subfield code="t">biblio</marc:subfield>
</marc:datafield>
<marc:datafield ind1=" " ind2=" " tag="902">
<marc:subfield code="a">10622/28E17A38-8565-47F1-A1CF-A89BDFDFF7B8</marc:subfield>
</marc:datafield></marc:record>